<collection xmlns="http://www.loc.gov/MARC21/slim">
<record>
  <leader>01411nam0a2200277 i 450 </leader>
  <controlfield tag="001">IT\ICCU\CNCE\010402</controlfield>
  <controlfield tag="005">20070928000000.0</controlfield>
  <datafield tag="012" ind1=" " ind2=" ">
    <subfield code="a">a-n- r-0. u-r- stci (C) 1547 (R)</subfield>
    <subfield code="2">fei</subfield>
  </datafield>
  <datafield tag="100" ind1=" " ind2=" ">
    <subfield code="a">19970101d1547        0itac0103    ba</subfield>
  </datafield>
  <datafield tag="101" ind1=" " ind2=" ">
    <subfield code="a">ITA</subfield>
  </datafield>
  <datafield tag="102" ind1=" " ind2=" ">
    <subfield code="a">IT</subfield>
  </datafield>
  <datafield tag="200" ind1="1" ind2=" ">
    <subfield code="a">Pio e christiano trattato detto Specchio di croce. Nuovamente corretto e stampato con la tauola</subfield>
  </datafield>
  <datafield tag="210" ind1=" " ind2=" ">
    <subfield code="a">In Venetia</subfield>
    <subfield code="d">1547</subfield>
    <subfield code="e">In Venetia</subfield>
    <subfield code="g">ad instantia di Giouanni da la chiesa pauese</subfield>
    <subfield code="h">nel 1544</subfield>
  </datafield>
  <datafield tag="215" ind1=" " ind2=" ">
    <subfield code="a">\194! c.</subfield>
    <subfield code="d">16ʻ</subfield>
  </datafield>
  <datafield tag="620" ind1=" " ind2=" ">
    <subfield code="a">IT</subfield>
    <subfield code="d">Venezia</subfield>
  </datafield>
  <datafield tag="700" ind1=" " ind2="1">
    <subfield code="a">Cavalca,</subfield>
    <subfield code="b">Domenico</subfield>
    <subfield code="3">IT\ICCU\CNCA\002848</subfield>
  </datafield>
  <datafield tag="712" ind1="0" ind2="0">
    <subfield code="a">Dalla_Chiesa, Giovanni</subfield>
    <subfield code="3">IT\ICCU\CNCT\000114</subfield>
    <subfield code="4">650</subfield>
  </datafield>
  <datafield tag="790" ind1=" " ind2="0">
    <subfield code="a">Domenico</subfield>
    <subfield code="c"> : da#Pisa</subfield>
    <subfield code="3">IT\ICCU\CNCA\010218</subfield>
    <subfield code="z">Cavalca, Domenico</subfield>
  </datafield>
  <datafield tag="791" ind1="0" ind2="0">
    <subfield code="a">Chiesa, Giovanni della</subfield>
    <subfield code="3">IT\ICCU\CNCT\002282</subfield>
    <subfield code="z">Dalla_Chiesa, Giovanni</subfield>
  </datafield>
  <datafield tag="791" ind1="0" ind2="0">
    <subfield code="a">Ecclesia, Ioannes ab</subfield>
    <subfield code="3">IT\ICCU\CNCT\003235</subfield>
    <subfield code="z">Dalla_Chiesa, Giovanni</subfield>
  </datafield>
  <datafield tag="801" ind1=" " ind2="3">
    <subfield code="a">IT</subfield>
    <subfield code="b">ICCU</subfield>
    <subfield code="c">20201113</subfield>
  </datafield>
  <datafield tag="899" ind1=" " ind2=" ">
    <subfield code="a">Biblioteca civica del patrimonio degli studi. Cento</subfield>
    <subfield code="1">FE0004</subfield>
    <subfield code="2">UFE CN</subfield>
  </datafield>
  <datafield tag="899" ind1=" " ind2=" ">
    <subfield code="a">Biblioteca dei Domenicani di S. Maria di Castello. Genova</subfield>
    <subfield code="1">GE0030</subfield>
    <subfield code="2">ZGE 03</subfield>
  </datafield>
  <datafield tag="899" ind1=" " ind2=" ">
    <subfield code="a">Biblioteca del Capitolo della Cattedrale. Reggio Emilia</subfield>
    <subfield code="1">RE0046</subfield>
    <subfield code="2">ZRE 01</subfield>
  </datafield>
  <datafield tag="911" ind1=" " ind2=" ">
    <subfield code="a">in fine</subfield>
    <subfield code="9">IT\ICCU\CNCM\000844</subfield>
  </datafield>
  <datafield tag="921" ind1=" " ind2=" ">
    <subfield code="a">IT\ICCU\CNCM\000844</subfield>
    <subfield code="b">Chiesa sostenuta da due putti</subfield>
    <subfield code="e">Nisi efficiamini sicut parvuli non intrabitis in regnum coelorum. Matth. 18</subfield>
    <subfield code="c">Z343</subfield>
    <subfield code="d">Dimensioni: 4,5 x 6,5</subfield>
    <subfield code="f">CHIESA</subfield>
    <subfield code="f">BAMBINI</subfield>
    <subfield code="g">1541-1552</subfield>
  </datafield>
</record>
</collection>
